@book{rockafellar1997convex,
  title={Convex analysis},
  author={Rockafellar, R Tyrrell},
  volume={11},
  year={1997},
  publisher={Princeton university press}
}
